
@article{maunder_growth_2018,
	title = {The growth cessation model: a growth model for species showing a near cessation in growth with application to bigeye tuna ({Thunnus} obesus)},
	volume = {165},
	issn = {0025-3162, 1432-1793},
	shorttitle = {The growth cessation model},
	url = {http://link.springer.com/10.1007/s00227-018-3336-9},
	doi = {10.1007/s00227-018-3336-9},
	language = {en},
	number = {4},
	urldate = {2018-04-05},
	journal = {Marine Biology},
	author = {Maunder, Mark N. and Deriso, Richard B. and Schaefer, Kurt M. and Fuller, Daniel W. and Aires-da-Silva, Alexandre M. and Minte-Vera, Carolina V. and Campana, Steven E.},
	month = apr,
	year = {2018},
	file = {Maunder et al. 2018 (growth cessation model).pdf:C\:\\Users\\Chantel.Wetzel\\Zotero\\storage\\TD36HTIN\\Maunder et al. 2018 (growth cessation model).pdf:application/pdf}
}